<?xml version="1.0" encoding="UTF-8"?><collection xmlns="http://www.loc.gov/MARC21/slim"><record><leader>00379nam--2200133-i-4500</leader><controlfield tag="001">000040953</controlfield><controlfield tag="002">20161230</controlfield><controlfield tag="005">20161230201042</controlfield><controlfield tag="008">060222s1000------------r-----000-0-eng-d</controlfield><datafield ind1=" " ind2=" " tag="080"><subfield code="a">001.89</subfield></datafield><datafield ind1=" " ind2=" " tag="245"><subfield code="a">Scientific research in british univ. 1956-57</subfield></datafield><datafield ind1=" " ind2=" " tag="260"><subfield code="a">London, H.M.Stationery Office, 1957. Vii + 405 P</subfield></datafield><datafield ind1=" " ind2=" " tag="490"><subfield code="a">Dept.Of Scientific And Industrial Research</subfield></datafield><datafield ind1=" " ind2=" " tag="852"><subfield code="a">12907</subfield></datafield></record></collection>